
  <record>
    <leader>01952cim  2200457Ia 45í0</leader>
    <controlfield tag="001">a079onlywithz</controlfield>
    <controlfield tag="005">19900112051232.0</controlfield>
    <controlfield tag="008">780930m19391944nyu           000 0 eng d</controlfield>
    <datafield tag="079" ind1=" " ind2=" ">
      <subfield code="a">ocm46660954</subfield>
      <subfield code="z">ocm38158328</subfield>
    </datafield>
    <datafield tag="245" ind1="1" ind2="0">
      <subfield code="a">079 subfields a and z - no 035</subfield>
    </datafield>
  </record>