
  <record>
    <leader>01952cim  2200457Ia 45í0</leader>
    <controlfield tag="001">a079withbad035s</controlfield>
    <controlfield tag="005">19900112051232.0</controlfield>
    <controlfield tag="008">780930m19391944nyu           000 0 eng d</controlfield>
    <datafield tag="035" ind1=" " ind2=" ">
      <subfield code="a">(OCoLC-I)164324897</subfield>
    </datafield>
    <datafield tag="035" ind1=" " ind2=" ">
      <subfield code="a">(CStRLIN)CSUO98-B6924</subfield>
    </datafield>
    <datafield tag="079" ind1=" " ind2=" ">
      <subfield code="a">ocm12345666</subfield>
      <subfield code="z">ocm38158328</subfield>
    </datafield>
    <datafield tag="245" ind1="1" ind2="0">
      <subfield code="a">079 subfield with 035 non (OCoLC-M) only</subfield>
    </datafield>
  </record>