
  <record>
    <leader>01952cim  2200457Ia 45í0</leader>
    <controlfield tag="001">a035bad079OCoLConly</controlfield>
    <controlfield tag="005">19900112051232.0</controlfield>
    <controlfield tag="008">780930m19391944nyu           000 0 eng d</controlfield>
    <datafield tag="035" ind1=" " ind2=" ">
      <subfield code="a">(OCoLC)180776170</subfield>
    </datafield>
    <datafield tag="079" ind1=" " ind2=" ">
      <subfield code="a">bad 079</subfield>
    </datafield>
    <datafield tag="245" ind1="1" ind2="0">
      <subfield code="a">Multiple 035 with no (OCoLC-M) and bad 079, but has (OCoLC)</subfield>
    </datafield>
  </record>